<?xml version="1.0" encoding="UTF-8"?><collection xmlns="http://www.loc.gov/MARC21/slim"><record><leader>00399nam--2200145-i-4500</leader><controlfield tag="001">000016647</controlfield><controlfield tag="002">20161230</controlfield><controlfield tag="005">20170301233755</controlfield><controlfield tag="008">060222s1000------------r-----000-0-eng-d</controlfield><datafield ind1=" " ind2=" " tag="100"><subfield code="a">Campan, Florica T</subfield></datafield><datafield ind1=" " ind2=" " tag="245"><subfield code="a">Licuricii din adincuri sau convorbiri despre fundamentele matematicii</subfield></datafield><datafield ind1=" " ind2=" " tag="260"><subfield code="a">Bucuresti</subfield><subfield code="b">Editura Albatros</subfield><subfield code="c">1983</subfield></datafield><datafield ind1=" " ind2=" " tag="300"><subfield code="a">232 p</subfield></datafield><datafield ind1=" " ind2=" " tag="852"><subfield code="a">510</subfield></datafield><datafield ind1=" " ind2=" " tag="CAT"><subfield code="a">SYS</subfield><subfield code="c">20170301</subfield><subfield code="h">233755</subfield></datafield></record></collection>